1
@article{warnock2018life,
  title={Life-Threatening Thyrotoxicosis: Thyroid Storm and Adverse Effects of Antithyroid Drugs},
  author={Warnock, Alicia L and Cooper, David S and Burch, Henry B},
  journal={Endocrine and Metabolic Medical Emergencies: A Clinician's Guide},
  pages={262--283},
  year={2018},
  publisher={Wiley Online Library}
}

2
@article{mandema1992electroencephalogram,
  title={Electroencephalogram effect measures and relationships between pharmacokinetics and pharmacodynamics of centrally acting drugs},
  author={Mandema, Jaap W and Danhof, Meindert},
  journal={Clinical pharmacokinetics},
  volume={23},
  number={3},
  pages={191--215},
  year={1992},
  publisher={Springer}
}

3
 @article{hanley2017brain,
  title={A brain electrical activity (EEG) based biomarker of functional impairment in traumatic head injury: a multisite validation trial},
  author={Hanley, Daniel and Prichep, Leslie S and Badjatia, Neeraj and Bazarian, Jeff and Chiacchierini, RIchard P and Curley, Kenneth C and Garrett, John S and Jones, Elizabeth B and Naunheim, Rosanne and O'Neil, Brian J and others},
  journal={Journal of Neurotrauma},
  year={2017}
}

4
@article{zotev2018real,
  title={Real-time fMRI neurofeedback of the mediodorsal and anterior thalamus enhances correlation between thalamic BOLD activity and alpha EEG rhythm},
  author={Zotev, Vadim and Misaki, Masaya and Phillips, Raquel and Wong, Chung Ki and Bodurka, Jerzy},
  journal={Human brain mapping},
  volume={39},
  number={2},
  pages={1024--1042},
  year={2018},
  publisher={Wiley Online Library}
}

5
@article{chiang2017dangers,
  title={The dangers of sexual enhancement supplements and counterfeit drugs to “treat” erectile dysfunction},
  author={Chiang, Jason and Yafi, Faysal A and Dorsey Jr, Philip J and Hellstrom, Wayne JG},
  journal={Translational andrology and urology},
  volume={6},
  number={1},
  pages={12},
  year={2017},
  publisher={AME Publications}
}

6
@article{wagner2016using,
  title={Using reciprocity for relating the simulation of transcranial current stimulation to the EEG forward problem},
  author={Wagner, Sven and Lucka, Felix and Vorwerk, Johannes and Herrmann, Christoph S and Nolte, Guido and Burger, Martin and Wolters, Carsten H},
  journal={Neuroimage},
  volume={140},
  pages={163--173},
  year={2016},
  publisher={Elsevier}
}


7
@article{palva2018ghost,
  title={Ghost interactions in MEG/EEG source space: A note of caution on inter-areal coupling measures},
  author={Palva, J Matias and Wang, Sheng H and Palva, Satu and Zhigalov, Alexander and Monto, Simo and Brookes, Matthew J and Schoffelen, Jan-Mathijs and Jerbi, Karim},
  journal={Neuroimage},
  volume={173},
  pages={632--643},
  year={2018},
  publisher={Elsevier}
}



8
@article{lim2015analysis,
  title={Analysis of single-electrode EEG rhythms using MATLAB to elicit correlation with cognitive stress},
  author={Lim, Chee-Keong Alfred and Chia, Wai Chong},
  journal={International Journal of Computer Theory and Engineering},
  volume={7},
  number={2},
  pages={149},
  year={2015},
  publisher={IACSIT Press}
}


9
@article{jin2015p300,
  title={A P300 brain--computer interface based on a modification of the mismatch negativity paradigm},
  author={Jin, Jing and Sellers, Eric W and Zhou, Sijie and Zhang, Yu and Wang, Xingyu and Cichocki, Andrzej},
  journal={International journal of neural systems},
  volume={25},
  number={03},
  pages={1550011},
  year={2015},
  publisher={World Scientific}
}

10
@misc{martini2018spatial,
  title={Spatial modulation of light to determine object length},
  author={Martini, Joerg and Bern, Marshall W and Johnson, Noble M and Kiesel, Peter and Kletter, Doron and Cheng, Bowen and Recht, Michael I},
  year={2018},
  month=apr # "~24",
  publisher={Google Patents},
  note={US Patent 9,952,033}
}

11
@article{ruesch2017understanding,
  title={Understanding Spatial Ability through a Neural Efficiency EEG Study},
  author={Ruesch, Jonathan and Call, Ben and Lopez, Sarah},
  year={2017}
}

12
@article{perry2017effects,
  title={Effects of prefrontal cortex damage on emotion understanding: EEG and behavioural evidence},
  author={Perry, Anat and Saunders, Samantha N and Stiso, Jennifer and Dewar, Callum and Lubell, Jamie and Meling, Torstein R and Solbakk, Anne-Kristin and Endestad, Tor and Knight, Robert T},
  journal={Brain},
  volume={140},
  number={4},
  pages={1086--1099},
  year={2017},
  publisher={Oxford University Press}
}

13
@article{mccormick2015brain,
  title={Brain state dependent activity in the cortex and thalamus},
  author={McCormick, David A and McGinley, Matthew J and Salkoff, David B},
  journal={Current opinion in neurobiology},
  volume={31},
  pages={133--140},
  year={2015},
  publisher={Elsevier}
}

14
@article{liu2015plasticity,
  title={Plasticity of brain wave network interactions and evolution across physiologic states},
  author={Liu, Kang KL and Bartsch, Ronny P and Lin, Aijing and Mantegna, Rosario N and Ivanov, Plamen Ch},
  journal={Frontiers in neural circuits},
  volume={9},
  pages={62},
  year={2015},
  publisher={Frontiers}
}

15
@article{assenza2015wakefulness,
  title={Wakefulness delta waves increase after cortical plasticity induction},
  author={Assenza, G and Pellegrino, G and Tombini, M and Di Pino, G and Di Lazzaro, V},
  journal={Clinical Neurophysiology},
  volume={126},
  number={6},
  pages={1221--1227},
  year={2015},
  publisher={Elsevier}
}

16
@article{chiu2015complexity,
  title={Complexity of cardiac signals for predicting changes in alpha-waves after stress in patients undergoing cardiac catheterization},
  author={Chiu, Hung-Chih and Lin, Yen-Hung and Lo, Men-Tzung and Tang, Sung-Chun and Wang, Tzung-Dau and Lu, Hung-Chun and Ho, Yi-Lwun and Ma, Hsi-Pin and Peng, Chung-Kang},
  journal={Scientific reports},
  volume={5},
  pages={13315},
  year={2015},
  publisher={Nature Publishing Group}
}

17
@article{okumura2006amplitude,
  title={Amplitude spectral analysis of theta/alpha/beta waves in preterm infants},
  author={Okumura, Akihisa and Kubota, Tetsuo and Tsuji, Takeshi and Kato, Toru and Hayakawa, Fumio and Watanabe, Kazuyoshi},
  journal={Pediatric neurology},
  volume={34},
  number={1},
  pages={30--34},
  year={2006},
  publisher={Elsevier}
}

18
@article{malik2018brain,
  title={Brain Wave Frequency Measurement in Gamma Wave Range for Accurate and Early Detection of Depression},
  author={Malik, Jayita and Dahiya, Meenakshi and Kumari, Naresh},
  journal={International Journal},
  volume={6},
  number={1},
  pages={21--24},
  year={2018}
}

19
@misc{martini2018spatial,
  title={Spatial modulation of light to determine object length},
  author={Martini, Joerg and Bern, Marshall W and Johnson, Noble M and Kiesel, Peter and Kletter, Doron and Cheng, Bowen and Recht, Michael I},
  year={2018},
  month=apr # "~24",
  publisher={Google Patents},
  note={US Patent 9,952,033}
}

20
@article{barrios2017identification,
  title={Identification of problems in the functioning of individuals with schizophrenia from the expert perspective: an Internet-based survey},
  author={Barrios, Maite and Guilera, Georgina and Selb, Melissa and G{\'o}mez-Benito, Juana},
  journal={Disability and rehabilitation},
  volume={39},
  number={20},
  pages={2055--2062},
  year={2017},
  publisher={Taylor \& Francis}
}

21
@article{chappell2018constructing,
  title={Constructing a Sensitizing Definition of Certification in Nursing for Research Purposes: A Hybrid Methodology Using Consensus-Building Approach.},
  author={Chappell, Kathy and Jeong, Dahn and ElChamaa, Rima and Lundmark, Vicki and Kendall-Gallagher, Deborah and Salt, Elizabeth and Newhouse, Robin and Johantgen, Meg and Reeves, Scott and Moore, Donald and others},
  journal={The Journal of nursing administration},
  year={2018}
}